<record xmlns="http://www.loc.gov/MARC21/slim" xmlns:xsi="http://www.w3.org/2001/XMLSchema-instance" xsi:schemaLocation="http://www.loc.gov/MARC21/slim http://www.loc.gov/standards/marcxml/schema/MARC21slim.xsd"><leader>00037nz   2200037n  4500</leader><controlfield tag="001">DNB|10099380X</controlfield><controlfield tag="003">DNB</controlfield><controlfield tag="005">20080405165249.0</controlfield><controlfield tag="008">910916n||aznnnabbn           | aaa    |c</controlfield><datafield ind1=" " ind2=" " tag="035"><subfield code="a">(DE-101)10099380X</subfield></datafield><datafield ind1=" " ind2=" " tag="035"><subfield code="a">(DE-588a)10099380X</subfield></datafield><datafield ind1=" " ind2=" " tag="040"><subfield code="a">DE-12</subfield><subfield code="b">ger</subfield><subfield code="c">DE-101</subfield><subfield code="e">rakwb</subfield><subfield code="d">9999</subfield></datafield><datafield ind1=" " ind2=" " tag="079"><subfield code="a">p</subfield><subfield code="q">f</subfield><subfield code="q">p</subfield><subfield code="t">12</subfield><subfield code="t">12-PAN</subfield></datafield><datafield ind1="0" ind2=" " tag="100"><subfield code="a">Gaudentius</subfield><subfield code="c">Philosophus</subfield><subfield code="d">2./5. Jh. n. Chr.</subfield></datafield><datafield ind1="0" ind2=" " tag="400"><subfield code="a">Gaudentios</subfield><subfield code="c">Philosophos</subfield><subfield code="d">2./5. Jh. n. Chr.</subfield></datafield><datafield ind1="0" ind2=" " tag="400"><subfield code="a">Gaudentius</subfield><subfield code="c">Musicus</subfield><subfield code="d">2./5. Jh. n. Chr.</subfield></datafield><datafield ind1="0" ind2=" " tag="400"><subfield code="a">Gaudentios</subfield><subfield code="c">Platoniker</subfield><subfield code="d">2./5. Jh. n. Chr.</subfield></datafield><datafield ind1="0" ind2=" " tag="400"><subfield code="a">Gaudentios</subfield><subfield code="c">Musikwissenschaftler</subfield><subfield code="d">2./5. Jh. n. Chr.</subfield></datafield><datafield ind1=" " ind2=" " tag="549"><subfield code="w">i</subfield><subfield code="i">Lebensdaten</subfield><subfield code="a">2./5. Jh. n. Chr.</subfield></datafield><datafield ind1=" " ind2=" " tag="678"><subfield code="a">Harmonica introductio</subfield></datafield><datafield ind1=" " ind2=" " tag="692"><subfield code="a">Gaudentius &lt;Philosophus&gt;: Harmonica introductio. - 1652</subfield></datafield><datafield ind1=" " ind2=" " tag="692"><subfield code="a">Gaudentius &lt;Philosophus&gt;</subfield></datafield><datafield ind1=" " ind2=" " tag="910"><subfield code="a">philosophus</subfield><subfield code="9">1</subfield></datafield><datafield ind1=" " ind2=" " tag="910"><subfield code="a">harmonica introductio</subfield><subfield code="9">1</subfield></datafield><datafield ind1=" " ind2=" " tag="930"><subfield code="a">gaudentius philosophus</subfield><subfield code="9">1</subfield></datafield><datafield ind1=" " ind2=" " tag="943"><subfield code="a">165x</subfield><subfield code="9">1</subfield></datafield><datafield ind1=" " ind2=" " tag="996"><subfield code="2">LC|nr 98008106</subfield></datafield><datafield ind1=" " ind2=" " tag="996"><subfield code="2">RERO|vtls000069963</subfield></datafield><datafield ind1=" " ind2=" " tag="997"><subfield code="a">100 400 flourished 0 0</subfield><subfield code="9">1</subfield></datafield></record>